@book{acm,
 author = {Kluge, Werner},
 title = {Abstract Computing Machines},
 year = {2004},
 isbn = {3540211462},
 publisher = {Springer-Verlag New York, Inc.},
 address = {Secaucus, NJ, USA},
 }

@inproceedings{tamassia,
 author = {Cohen, R. F. and Di Battista, G. and Tamassia, R. and Tollis, I. G. and Bertolazzi, P.},
 title = {A framework for dynamic graph drawing},
 booktitle = {{SCG '92: Proceedings of the eighth annual symposium on computational geometry}},
 year = {1992},
 isbn = {0-89791-517-8},
 pages = {261--270},
 location = {Berlin, Germany},
 doi = {http://doi.acm.org/10.1145/142675.142728},
 publisher = {ACM},
 address = {New York, NY, USA},
 }

@article{fdp,
  author = {Fruchterman, Thomas M. J. and Reingold, Edward M.},
  title = {Graph drawing by force-directed placement},
  journal = {Software -- Practice \& Experience},
  volume = {21},
  number = {11},
  year = {1991},
  issn = {0038-0644},
  pages = {1129--1164},
  doi = {http://dx.doi.org/10.1002/spe.4380211102},
  publisher = {John Wiley \& Sons, Inc.},
  address = {New York, NY, USA},
}

@article{hds,
  author    = {Christopher D. Hundhausen and
               Sarah A. Douglas and
               John T. Stasko},
  title     = {A Meta-Study of Algorithm Visualization Effectiveness},
  journal   = {Journal of Visual Languages and Computing},
  volume    = {13},
  number    = {3},
  year      = {2002},
  pages     = {259-290},
  ee        = {http://dx.doi.org/10.1006/jvlc.2002.0237},
  bibsource = {DBLP, http://dblp.uni-trier.de}
}

@article{Cohen,
    author = {R F. Cohen and G. Di Battista and I. G. Tollis},
    title = {A Heuristic for Graph Drawing},
    journal = {Congressus Numerantium},
    year = {1984},
    volume = {42},
    number = {42},
    pages = {149--160}
}

@article{Moen,
 author = {Moen, Sven},
 title = {Drawing Dynamic Trees},
 journal = {{IEEE Software}},
 volume = {7},
 number = {4},
 year = {1990},
 issn = {0740-7459},
 pages = {21--28},
 doi = {http://dx.doi.org/10.1109/52.56447},
 publisher = {{IEEE Computer Society Press}},
 address = {Los Alamitos, CA, USA},
 }

@Misc{tata2007,
  author = {H. Comon and M. Dauchet and R. Gilleron and  C. L\"oding
and F. Jacquemard
and D. Lugiez and S. Tison and M. Tommasi},
  title =    {Tree Automata Techniques and Applications},
  howpublished = {Available at: \url{http://www.grappa.univ-lille3.fr/tata}},
  note = {release October, 12th 2007},
  year =     2007
}

@Misc{ourlibrary,
    author = {S. Badame and P. Boothe},
    title =    {Lispy Animator},
    howpublished = {Available at: \url{http://github.com/pboothe/Lispy-Animator}},
  year =     2010
}
